@incollection{preneel2010first,
	title={The first 30 years of cryptographic hash functions and the NIST SHA-3 competition},
	author={Preneel, Bart},
	booktitle={Topics in Cryptology-CT-RSA 2010},
	pages={1--14},
	year={2010},
	publisher={Springer}
}
@misc{bitmsg,
	author = {J. Warren},
	title = {Bitmessage: A Peet-to-Peer Message Authentication and Delivery System},
	date = {2012},
}
@incollection{cholez2009evaluation,
	title={Evaluation of sybil attacks protection schemes in kad},
	author={Cholez, Thibault and Chrisment, Isabelle and Festor, Olivier},
	booktitle={Scalability of Networks and Services},
	pages={70--82},
	year={2009},
	publisher={Springer}
}
@inproceedings{borisov2006computational,
	title={Computational puzzles as sybil defenses},
	author={Borisov, Nikita},
	booktitle={Peer-to-Peer Computing, 2006. P2P 2006. Sixth IEEE International Conference on},
	pages={171--176},
	year={2006},
	organization={IEEE}
}
@inproceedings{yang2008detecting,
	title={Detecting sybil attacks inwireless and sensor networks using cluster analysis},
	author={Yang, Jie and Chen, Yingying and Trappe, Wade},
	booktitle={Mobile Ad Hoc and Sensor Systems, 2008. MASS 2008. 5th IEEE International Conference on},
	pages={834--839},
	year={2008},
	organization={IEEE}
}
@misc{tor_rend,
	author = {Tor Project},
	title = {Tor Rendezvous Specification},
	date = {24/02/2015},
	version = {5dd182800e997fddc3875b21477ac2c8f5129485},
	url = {https://gitweb.torproject.org/torspec.git/tree/rend-spec.txt},
}
@techreport{dingledine2004tor,
	title={Tor: The second-generation onion router},
	author={Dingledine, Roger and Mathewson, Nick and Syverson, Paul},
	year={2004},
	institution={DTIC Document}
}
@article{pretre2005attacks,
	title={Attacks on peer-to-peer networks},
	author={Pretre, Baptiste},
	journal={Dept. of Computer Science Swiss Federal Institute of Technology (ETH) Zurich Autumn},
	year={2005}
}
@inproceedings{clarke2001freenet,
	title={Freenet: A distributed anonymous information storage and retrieval system},
	author={Clarke, Ian and Sandberg, Oskar and Wiley, Brandon and Hong, Theodore W},
	booktitle={Designing Privacy Enhancing Technologies},
	pages={46--66},
	year={2001},
	organization={Springer}
}
@online{opennetattacks,
	ALTauthor = {author},
	ALTeditor = {editor},
	title = {Opennet Attacks},
	url = {https://wiki.freenetproject.org/Opennet_attacks},
	note = {Accessed: 2014-11-27, Revision: 2012-06-02},
}
@misc{back2002hashcash,
	title={Hashcash-a denial of service counter-measure},
	author={Back, Adam and others},
	year={2002}
}
@article{peck2013bitcoin,
	title={The Bitcoin Arms Race is on!},
	author={Peck, Morgen E},
	journal={Spectrum, IEEE},
	volume={50},
	number={6},
	pages={11--13},
	year={2013},
	publisher={IEEE}
}
@misc{cuckoo,
	title={Cuckoo Cycle: a graph-theoretic proof-of-work system},
	author={John Tromp},
	month={October},
	year={2014}
}
@misc{btcmsg,
	key={Bitcoin Message service},
	title={Bitcoin Message service},
	howpublished={https://btcmsg.wordpress.com/},
	note={Accessed: 2014-11-27}
}
@misc{crawl,
	key={Someone is crawling TorHS Directories: Honeypot},
	title={Someone is crawling TorHS Directories: Honeypot},
	howpublished={https://lists.torproject.org/pipermail/tor-talk/2014-September/034751.html}	
}